@IEEEtranBSTCTL{IEEEexample:BSTcontrol,
CTLuse_forced_etal       = "yes",
CTLmax_names_forced_etal = "3",
CTLnames_show_etal       = "2"
}
@generic{asp_dotnetcore,
    author={Microsoft},
    title={ASP.NET Core},
    url={https://learn.microsoft.com/de-de/aspnet/core/introduction-to-aspnet-core?view=aspnetcore-7.0},
    note={Geöffnet am 25.08.2023}
}
@generic{git_introduction,
  author = {Git},
  title  = {git},
  url    = {https://git-scm.com/},
  note   = {Geöffnet am 25.08.2023}
}
@generic{git_features,
author={Abhinav96},
title={git-features},
url={https://www.geeksforgeeks.org/git-features/},
note={Geöffnet am 25.08.2023}
}
@generic{docker_explained,
  author = {Sahiti Kappagantula},
  title  = {docker-explained},
  url    = {https://www.edureka.co/blog/docker-explained/},
  note   = {Geöffnet am 26.08.2023}
}
@generic{docker_container,
  author = {Docker},
  title  = {docker-container},
  url    = {https://www.docker.com/resources/what-container/},
  note   = {Geöffnet am 26.08.2023}
}
@generic{postgres,
  author = {Postgresql},
  title  = {Postgresql},
  url    = {https://www.postgresql.org/about/},
  note   = {Geöffnet am 26.08.2023}
}
@generic{benchmark,
  author = {Andrey Akinshin},
  title  = {BenchmarkDotNet},
  url    = {https://github.com/dotnet/BenchmarkDotNet},
  note   = {Geöffnet am 26.08.2023}
}
@generic{bogus,
  author = {Brian Chavez},
  title  = {Bogus},
  url    = {https://github.com/bchavez/Bogus},
  note   = {Geöffnet am 26.08.2023}
}
@generic{power_automate,
  author = {Microsoft},
  title  = {Power-Automate},
  url    = {https://learn.microsoft.com/de-de/power-automate/frequently-asked-questions},
  note   = {Geöffnet am 26.08.2023}
}
@generic{modulsystem,
  author = {Franchise-Net},
  title  = {Modulsystem},
  url    = {https://www.franchise-net.de/lexikon/modulsystem/},
  note   = {Geöffnet am 27.08.2023}
}
@generic{microservices,
  author = {AWS},
  title  = {Microservices},
  url    = {https://aws.amazon.com/de/microservices/#:~:text=Microservices%20sind%20ein%20architekturbezogener%20und,Services%20geh%C3%B6ren%20kleinen%2C%20eigenst%C3%A4ndigen%20Teams},
  note   = {Geöffnet am 27.08.2023}
}
@generic{assemblies,
  author = {Microsoft},
  title  = {Assemblies},
  url    = {https://learn.microsoft.com/de-de/dotnet/framework/app-domains/how-to-load-assemblies-into-an-application-domain},
  note   = {Geöffnet am 27.08.2023}
}
@generic{pluginframework,
  author = {Weikio},
  title  = {Pluginframework},
  url    = {https://github.com/weikio/PluginFramework},
  note   = {Geöffnet am 28.08.2023}
}